<record><leader>00000cas a22000007a 4500</leader><controlfield tag="001">13017793</controlfield><controlfield tag="008">860114d18751885pauwr ne      0    0eng d</controlfield><datafield ind1=" " ind2=" " tag="010"><subfield code="a">sn 86081412 </subfield></datafield><datafield ind1=" " ind2=" " tag="040"><subfield code="a">NPH</subfield><subfield code="b">eng</subfield><subfield code="c">NPH</subfield><subfield code="d">OCL</subfield><subfield code="d">OCLCQ</subfield></datafield><datafield ind1=" " ind2=" " tag="019"><subfield code="a">13681476</subfield></datafield><datafield ind1=" " ind2=" " tag="042"><subfield code="a">msc</subfield></datafield><datafield ind1="0" ind2="0" tag="245"><subfield code="a">Steelton item.</subfield></datafield><datafield ind1="3" ind2="0" tag="246"><subfield code="a">Weekly item</subfield></datafield><datafield ind1=" " ind2=" " tag="260"><subfield code="a">Steelton, Pa. :</subfield><subfield code="b">J.A. Work &amp; Bro.</subfield></datafield><datafield ind1=" " ind2=" " tag="300"><subfield code="a">v.</subfield></datafield><datafield ind1=" " ind2=" " tag="310"><subfield code="a">Weekly</subfield></datafield><datafield ind1="1" ind2=" " tag="362"><subfield code="a">Began in 1875; ceased in 1885.</subfield><subfield code="z">Cf. Gregory, W. Amer. newspapers.</subfield></datafield><datafield ind1=" " ind2=" " tag="500"><subfield code="a">Published as: Weekly item, &lt;May 15-July 10, 1885&gt;.</subfield></datafield><datafield ind1=" " ind2=" " tag="525"><subfield code="a">Supplements accompany some issues.</subfield></datafield><datafield ind1=" " ind2=" " tag="580"><subfield code="a">Daily eds.: Daily item (Steelton, Pa.), 1883-1884; Item (Steelton, Pa.), 1884-</subfield></datafield><datafield ind1=" " ind2=" " tag="588"><subfield code="a">Description based on: Vol. 5, no. 23 (Oct. 3, 1879).</subfield></datafield><datafield ind1=" " ind2=" " tag="752"><subfield code="a">United States</subfield><subfield code="b">Pennsylvania</subfield><subfield code="c">Dauphin</subfield><subfield code="d">Steelton.</subfield></datafield><datafield ind1="1" ind2=" " tag="775"><subfield code="t">Daily item (Steelton, Pa.)</subfield><subfield code="w">(DLC)sn 86081600</subfield></datafield><datafield ind1="1" ind2=" " tag="775"><subfield code="t">Item (Steelton, Pa.)</subfield><subfield code="w">(DLC)sn 86081699</subfield></datafield><datafield ind1="1" ind2=" " tag="029"><subfield code="a">AU@</subfield><subfield code="b">000025814879</subfield></datafield></record>